<?xml version="1.0" encoding="UTF-8"?><collection xmlns="http://www.loc.gov/MARC21/slim"><record><leader>00395nam--2200133-i-4500</leader><controlfield tag="001">000049389</controlfield><controlfield tag="002">20161230</controlfield><controlfield tag="005">20161230201047</controlfield><controlfield tag="008">060222s1000------------r-----000-0-eng-d</controlfield><datafield ind1=" " ind2=" " tag="100"><subfield code="a">Pathria, R.K</subfield></datafield><datafield ind1=" " ind2=" " tag="245"><subfield code="a">Statistical mechanics</subfield></datafield><datafield ind1=" " ind2=" " tag="260"><subfield code="a">Oxford, Pergamon Press, 1972, Xiii+527p</subfield></datafield><datafield ind1=" " ind2=" " tag="490"><subfield code="a">International Series Of Monographs In Natural Philosophy. General Editor: D.Ter Haar</subfield></datafield><datafield ind1=" " ind2=" " tag="852"><subfield code="a">37564</subfield></datafield></record></collection>